@online{acc,
	author = {Jackiexiao},
	title = {pypinyin标注准确率测评结果},
	date = {6 Jul 2018},
	url = {https://github.com/mozillazg/python-pinyin/issues/133},
}
